<record xmlns="http://www.loc.gov/MARC21/slim">
<!-- Length implementation at offset 22 should hold a digit. Assuming 0 -->
  <leader>01116nam0a32002171  450 </leader>
  <datafield tag="001" ind1="0" ind2="0" ind3="0">
    <subfield code="a">9 182 502 3</subfield>
    <subfield code="b">710100</subfield>
    <subfield code="f">a</subfield>
  </datafield>
  <datafield tag="004" ind1="0" ind2="0" ind3="0">
    <subfield code="r">c</subfield>
    <subfield code="a">e</subfield>
  </datafield>
  <datafield tag="008" ind1="0" ind2="0" ind3="0">
    <subfield code="t">s</subfield>
    <subfield code="u">f</subfield>
    <subfield code="a">1995</subfield>
    <subfield code="b">gb</subfield>
    <subfield code="l">eng</subfield>
    <subfield code="v">0</subfield>
  </datafield>
  <datafield tag="009" ind1="0" ind2="0" ind3="0">
    <subfield code="a">s</subfield>
    <subfield code="g">xc</subfield>
  </datafield>
  <datafield tag="039" ind1="0" ind2="0" ind3="0">
    <subfield code="a">bef</subfield>
  </datafield>
  <datafield tag="100" ind1="0" ind2="0" ind3="0">
    <subfield code="a">Mimms</subfield>
    <subfield code="h">Garnet</subfield>
  </datafield>
  <datafield tag="245" ind1="0" ind2="0" ind3="0">
    <subfield code="a">Cry baby</subfield>
    <subfield code="a">Warm and soulful</subfield>
    <subfield code="e">Garnet Mimms ... [et al.]</subfield>
  </datafield>
  <datafield tag="260" ind1="0" ind2="0" ind3="0">
    <subfield code="a">Bury St. Edmunds</subfield>
    <subfield code="b">BGO</subfield>
    <subfield code="c">1995</subfield>
  </datafield>
  <datafield tag="300" ind1="0" ind2="0" ind3="0">
    <subfield code="n">1 cd</subfield>
  </datafield>
  <datafield tag="512" ind1="0" ind2="0" ind3="0">
    <subfield code="a">Indspilninger publiceret 1963 (Cry baby) og 1965 (Warm and soulful)</subfield>
  </datafield>
  <datafield tag="531" ind1="0" ind2="0" ind3="0">
    <subfield code="a">Indhold:</subfield>
  </datafield>
  <datafield tag="538" ind1="0" ind2="0" ind3="0">
    <subfield code="f">BGO</subfield>
    <subfield code="g">BGOCD268</subfield>
  </datafield>
  <datafield tag="652" ind1="0" ind2="0" ind3="0">
    <subfield code="m">78.794</subfield>
    <subfield code="v">4</subfield>
  </datafield>
  <datafield tag="666" ind1="0" ind2="0" ind3="0">
    <subfield code="m">soul</subfield>
    <subfield code="m">rhythm &amp; blues</subfield>
    <subfield code="n">vokal</subfield>
    <subfield code="p">1960-1969</subfield>
    <subfield code="l">USA</subfield>
  </datafield>
  <datafield tag="795" ind1="0" ind2="0" ind3="0">
    <subfield code="å">11</subfield>
    <subfield code="a">Cry baby</subfield>
    <subfield code="a">Nobody but you</subfield>
    <subfield code="a">Until you were gone</subfield>
    <subfield code="a">Anytime you want me</subfield>
    <subfield code="a">So close</subfield>
    <subfield code="a">For your precious love</subfield>
    <subfield code="a">Baby don&apos;t you weep</subfield>
    <subfield code="a">A ¤quiet place</subfield>
    <subfield code="a">Cry to me</subfield>
    <subfield code="a">Don&apos;t change your heart</subfield>
    <subfield code="a">Wanting you</subfield>
    <subfield code="a">The ¤truth hurts</subfield>
    <subfield code="a">I&apos;ll take good care of you</subfield>
    <subfield code="a">Looking for you</subfield>
    <subfield code="a">It won&apos;t hurt (half as much)</subfield>
    <subfield code="a">It was easier to hurt her</subfield>
    <subfield code="a">Thinkin&apos;</subfield>
    <subfield code="a">Prove it to me</subfield>
    <subfield code="a">More than a miracle</subfield>
    <subfield code="a">As long as I have you</subfield>
    <subfield code="a">One girl</subfield>
    <subfield code="a">There goes my baby</subfield>
    <subfield code="a">It&apos;s just a matter of time</subfield>
    <subfield code="a">A ¤little bit of soap</subfield>
    <subfield code="a">Look away</subfield>
    <subfield code="a">I&apos;ll make it up to you</subfield>
  </datafield>
  <datafield tag="795" ind1="0" ind2="0" ind3="0">
    <subfield code="å">40</subfield>
    <subfield code="y">0</subfield>
    <subfield code="a">1 girl</subfield>
  </datafield>
</record>
